@article{louargant-2018-mdpi-unsupervised,
  title={Unsupervised classification algorithm for early weed detection in row-crops by combining spatial and spectral information},
  author={Louargant, Marine and Jones, Gawain and Faroux, Romain and Paoli, Jean-No{\"e}l and Maillot, Thibault and G{\'e}e, Christelle and Villette, Sylvain},
  journal={Remote Sensing},
  volume={10},
  number={5},
  pages={761},
  year={2018},
  publisher={Multidisciplinary Digital Publishing Institute}
}

@article{bauer-2019-combining-yield,
  title={Combining computer vision and deep learning to enable ultra-scale aerial phenotyping and precision agriculture: A case study of lettuce production},
  author={Bauer, Alan and Bostrom, Aaron George and Ball, Joshua and Applegate, Christopher and Cheng, Tao and Laycock, Stephen and Rojas, Sergio Moreno and Kirwan, Jacob and Zhou, Ji},
  journal={Horticulture research},
  volume={6},
  number={1},
  pages={70},
  year={2019},
  publisher={Nature Publishing Group}
}

@article{patrignan-2015-canopeo,
  title={Canopeo: A powerful new tool for measuring fractional green canopy cover},
  author={Patrignani, Andres and Ochsner, Tyson E},
  journal={Agronomy Journal},
  volume={107},
  number={6},
  pages={2312--2320},
  year={2015},
  publisher={The American Society of Agronomy, Inc.}
}
